
@misc{AuthoreaWebseite,
 Author = {{Authorea}},
 note = "\url{https://www.authorea.com}"
}

@misc{OverleafWebseite,
 Author = {{Overleaf}},
 note = "\url{https://www.overleaf.com}"
}

@misc{ShareLaTeXWebseite,
 Author = {{ShareLaTeX}},
 note = "\url{https://www.sharelatex.com}"
}

@misc{TeXstudioWebseite,
 Author = {{\TeX studio}},
 note = "\url{http://texstudio.sourceforge.net}"
}

@misc{TeXworksWebseite,
 Author = {{TeXworks}},
 note = "\url{https://www.tug.org/texworks/}"
}

@misc{TeXmakerWebseite,
        Author = {{Texmaker}},
        note = "\url{http://www.xm1math.net/texmaker/}"
}

@misc{EclipseWebseite,
        Author = {{Eclipse}},
        note = "\url{https://www.eclipse.org}"
}

@misc{TeXlipseWebseite,
        Author = {{Eclipse TeXlipse}},
        note = "\url{https://projects.eclipse.org/projects/science.texlipse}"
}


@misc{TeXLive_Webpage,
        Author = {{\TeX~Live}},
        note = "\url{http://www.tug.org/texlive/}"
}

@misc{MiKTeX_Webpage,
        Author = {{MiK\TeX}},
        note = "\url{https://miktex.org}"
}

@misc{MacTeX_Webpage,
        Author = {{Mac\TeX}},
        note = "\url{http://www.tug.org/mactex/}"
}

@misc{Katewebpage,
 Author = {{Kate}},
 note = "\url{https://kate-editor.org}"
}

@misc{LeerraumGevierte_Webpage,
        Title = {{Leerraum in Typografie und Layout: So setzen Sie Gevierte, Halbgevierte und Co. richtig ein}},
        Author = {Uwe Steinacker},
        note = "\url{http://typeschool.de}"
}

@misc{Geviert_Wiki_Webpage,
        Author = {{minipage -- goLaTeX}},
        note = "\url{https://golatex.de/wiki/minipage}"
}


@misc{goLaTeX_minipage_Webpage,
        Author = {{Geviert -- Typografie-Fachbegriffe-Wiki}},
        note = "\url{http://www.typografie.info/3/wiki.html/g/geviert-r165/}"
}

@misc{gbrief_Dokumentation,
        Author = {{Geschäftsbriefe mit \LaTeXe\ -- der g-brief und g-brief2}},
        note = "\url{http://tug.ctan.org/macros/latex/contrib/g-brief/g-brief.pdf}"
}

@misc{LaTeXFontCatalogue,
        Author = {{\LaTeX\ Font Catalogue}},
        note = "\url{http://www.tug.dk/FontCatalogue/}"
}


@misc{KOMAScript_Dokumentation,
        Author = {{KOMA-Script}},
        note = "\url{http://mirrors.ctan.org/macros/latex/contrib/koma-script/doc/scrguide.pdf}"
}

@misc{Calligra_Dokumentation,
        Author = {{The \texttt{calligra} package for use with \LaTeXe}},
        note = "\url{http://mirrors.ctan.org/macros/latex/contrib/fundus/calligra/calligra.pdf}"
}

@misc{CC-BY-SA-3.0License,
        Author = {{Creative Comments: Namensnennung - Weitergabe unter gleichen Bedingungen 3.0 Deutschland (CC BY-SA 3.0 DE)}},
        note = "\url{https://creativecommons.org/licenses/by-sa/3.0/de/}"
}

@misc{LeslieLamportWebpage,
        Author = {{Leslie Lamport's Home Page}},
        note = "\url{http://www.lamport.org}"
}

@misc{DonaldKnuthWebpage,
        Author = {{Don Knuth's Home Page}},
        note = "\url{https://www-cs-faculty.stanford.edu/~knuth/}"
}

@misc{Barcodes_Dokumentation,
        Author = {{makebarcode – Print various kinds 2/5 and Code 39 bar codes}},
        note = "\url{http://mirrors.ctan.org/macros/latex/contrib/makebarcode/doc/latex/makebarcode/makebarcode.pdf}"
}


@misc{QRCode_Wikipedia,
        Author = {{QR-Code}},
        note = "\url{https://de.wikipedia.org/wiki/QR-Code/}"
}

@article{TypesettingOldGermanFonts_Dokumentation,
    title={Typesetting old german: Fraktur, Schwabacher, Gotisch and initials},
    author={Haralambous, Yannis},
    journal={TUGboat},
    volume={12},
    number={1},
    pages={129--138},
    year={1991},
    note = "\url{https://www.tug.org/TUGboat/tb12-1/tb31hara.pdf}"
}


@misc{LaTeXSuendenregisterLink,
   title={{Das \LaTeX 2$\varepsilon$-S{\"u}ndenregister oder Veraltete Befehle, Pakete und andere Fehler Version 2.7}},
   author={Ensenbach, Marc and Trettin, Mark},
   year={2016},
   note = "\url{ftp://ftp.dante.de/tex-archive/info/l2tabu/german/l2tabu.pdf}"
}

@misc{KrauseLink,
 title={{Eine nicht allzu lange Einführung in \LaTeX 2$\varepsilon$}},
 author={Krause, Stefan},
 year={2012},
 note = "\url{http://www.jokr.de/stefan/latex/LatexEinfuehrung.pdf}"
}

@misc{JuergensFeuerstackLink,
 title={{\LaTeX\ -- eine Einführung und ein bisschen mehr\dots}},
 author={Jürgens, Manuela and Feuerstack, Thomas},
 year={2017},
 note = "\url{https://www.fernuni-hagen.de/imperia/md/content/zmi_2010/a026_latex_einf.pdf}"
}


@misc{RichterTorstenLink,
 title={{\LaTeX\ -- Tipps und Tricks}},
 author={Richter, Torsten},
 year={2013},
 note = "\url{https://www.tortools.de/lib/exe/fetch.php/latex:richter_latex_tipps_1.2.pdf}"
}

@misc{MarxBueckerLink,
 title={{Erstellung wissenschaftlicher Texte mit \LaTeX}},
 author={Marx, Monika and Bücker, Oliver},
 year={2017},
 note = "\url{https://www.fz-juelich.de/SharedDocs/Downloads/IAS/JSC/EN/slides/latex.pdf?__blob=publicationFile}"
}

@misc{NagelLink,
    title={{Einführung in \LaTeX}},
    author={Nagel, Torsten},
    year={2018},
    note = "\url{http://www.nagel-net.de/Latex/DOKU/Latexkurs_Skript.pdf}"
}



@book{Schlosser2009,
 author = {Schlossser, Joachim},
 title = {{Wissenschaftliche Arbeiten schreiben mit \LaTeX}},
 edition = {3},
 year = {2009},
 publisher ={mitp}
}


@book{Kopka2000,
 author = {Kopka, Helmut},
 title = {{\LaTeX\ Einführung Band 1}},
 edition = {3},
 year = {2000},
 publisher ={Addison-Wesley}
}


@book{GoossensMittelachSamarin2000,
 author = {Goossens, Michael and Mittelbach, Frank and Samarin, Alexander},
 title = {{Der \LaTeX-Begleiter}},
 year = {2000},
 publisher ={Addison-Wesley}
}


@book{Schwarz1988,
 author = {Schwarz, Norbert},
 title = {{Einführung in \TeX}},
 year = {1988},
    publisher ={Addison-Wesley}
}



